@article{ARTIGO,
 author  ={AUTOR},
 title   ={TITULO},
 pages   ={11},
 issn    ={ID DO ARTIGO},
 url     ={URL},
 urlaccessdate={DATA DE ACESSO},
 year    ={ANO}
}
@book{lindfieldnumerical,
  title={Numerical methods: using MATLAB},
  author={Lindfield, George and Penny, John},
  year={2018},
  publisher={Academic Press}
}
@book{chaprametodos,
  title={M{\'e}todos Num{\'e}ricos para Engenharia-7{\textordfeminine} Edi{\c{c}}{\~a}o},
  author={Chapra, Steven C and Canale, Raymond P},
  year={2016},
  publisher={McGraw Hill Brasil}
}